@article{fisher1956statistical,
  title={Statistical methods and scientific inference.},
  author={Fisher, Ronald A},
  year={1956},
  publisher={Hafner Publishing Co.}
}

